<?xml version="1.0" encoding="UTF-8"?><collection xmlns="http://www.loc.gov/MARC21/slim"><record><leader>00445nam--2200133-i-4500</leader><controlfield tag="001">000046837</controlfield><controlfield tag="002">20161230</controlfield><controlfield tag="005">20161230201046</controlfield><controlfield tag="008">060222s1000------------r-----000-0-eng-d</controlfield><datafield ind1=" " ind2=" " tag="080"><subfield code="a">620.193(043)</subfield></datafield><datafield ind1=" " ind2=" " tag="100"><subfield code="a">Waltersdorf, Jurgen</subfield></datafield><datafield ind1=" " ind2=" " tag="245"><subfield code="a">Interkristalline spannungsrisskorrosion und korrosionsermudung an fesi2, 8% ein-bi-und polykristallen. dissert</subfield></datafield><datafield ind1=" " ind2=" " tag="260"><subfield code="a">Aachen, Rheinisch-westfalischen Technischen Hochschule, 1990, 91p</subfield></datafield><datafield ind1=" " ind2=" " tag="852"><subfield code="a">79600</subfield></datafield></record></collection>